% Encoding: UTF-8

@Article{Haeni2020,
  author  = {Häni, Nicolai and Roy, Pravakar and Isler, Volkan},
  journal = {IEEE Robotics and Automation Letters},
  title   = {{MinneApple: A benchmark dataset for apple detection and segmentation}},
  year    = {2020},
  number  = {2},
  pages   = {852-858},
  volume  = {5},
  doi     = {10.1109/LRA.2020.2965061},
}

@Misc{Calvin2010,
  author    = {Calvin, Linda and Martin, Philip},
  month     = {11},
  title     = {{The U.S. produce industry and labor: Facing the future in a global economy}},
  year      = {2010},
  doi       = {10.22004/ag.econ.262245},
  number    = {262245},
  publisher = {United States Department of Agriculture, Economic Research Service},
  url       = {https://ideas.repec.org/p/ags/uersrr/262245.html},
}

@Article{Karina2018,
  author    = {Karina, Gallardo R and Sauer, Johannes},
  journal   = {Annual Review of Resource Economics},
  title     = {{Adoption of labor-saving technologies in agriculture}},
  year      = {2018},
  number    = {1},
  pages     = {185–206},
  volume    = {10},
  publisher = {Annual Reviews},
}

@Article{Tian2020,
  author  = {Tian, Hongkun and Wang, Tianhai and Liu, Yadong and Qiao, Xi and Li, Yanzhou},
  journal = {Information Processing in Agriculture},
  title   = {{Computer vision technology in agricultural automation —A review}},
  year    = {2020},
  number  = {1},
  pages   = {1-19},
  volume  = {7},
  doi     = {https://doi.org/10.1016/j.inpa.2019.09.006},
  url     = {https://www.sciencedirect.com/science/article/pii/S2214317319301751},
}

@Article{Gongal2015,
  author  = {A. Gongal and S. Amatya and M. Karkee and Zhang, Q and Lewis, K},
  journal = {Computers and Electronics in Agriculture},
  title   = {{Sensors and systems for fruit detection and localization: A review}},
  year    = {2015},
  pages   = {8-19},
  volume  = {116},
  doi     = {https://doi.org/10.1016/j.compag.2015.05.021},
  url     = {https://www.sciencedirect.com/science/article/pii/S0168169915001581},
}

@Misc{Haeni2018,
  author       = {Häni, Nicolai and Roy, Pravakar and Isler, Volkan},
  month        = {12},
  title        = {{Apple Counting using Convolutional Neural Networks}},
  year         = {2018},
  doi          = {10.1109/IROS.2018.8594304},
  organization = {experts.umn.edu},
  pages        = {2559–2565},
  publisher    = {Institute of Electrical and Electronics Engineers Inc.},
  url          = {https://experts.umn.edu/en/publications/apple-counting-using-convolutional-neural-networks},
  urldate      = {2022-08-17},
}

@Article{Chen2017,
  author  = {Chen, Steven W. and Shivakumar, Shreyas S. and Dcunha, Sandeep and Das, Jnaneshwar and Okon, Edidiong and Qu, Chao and Taylor, Camillo J. and Kumar, Vijay},
  journal = {IEEE Robotics and Automation Letters},
  title   = {{Counting Apples and Oranges With Deep Learning: A Data-Driven Approach}},
  year    = {2017},
  month   = {04},
  pages   = {781-788},
  volume  = {2},
  doi     = {10.1109/lra.2017.2651944},
}

@Article{Rahnemoonfar2017,
  author  = {Rahnemoonfar, Maryam and Sheppard, Clay},
  journal = {Sensors},
  title   = {{Deep Count: Fruit Counting Based on Deep Simulated Learning}},
  year    = {2017},
  month   = {04},
  pages   = {905},
  volume  = {17},
  doi     = {10.3390/s17040905},
}

@Article{Roy2017,
  author  = {Roy, Pravakar and Isler, Volkan},
  journal = {Springer Proceedings in Advanced Robotics},
  title   = {{Vision-Based Apple Counting and Yield Estimation}},
  year    = {2017},
  pages   = {478-487},
  doi     = {10.1007/978-3-319-50115-4_42},
}

@Article{Wang2013,
  author  = {Wang, Qi and Nuske, Stephen and Bergerman, Marcel and Singh, Sanjiv},
  journal = {Experimental Robotics},
  title   = {{Automated Crop Yield Estimation for Apple Orchards}},
  year    = {2013},
  pages   = {745-758},
  doi     = {10.1007/978-3-319-00065-7_50},
  urldate = {2022-12-21},
}

@Article{Hung2015,
  author  = {Hung, Calvin and Underwood, James and Nieto, Juan and Sukkarieh, Salah},
  journal = {Springer Tracts in Advanced Robotics},
  title   = {{A Feature Learning Based Approach for Automated Fruit Yield Estimation}},
  year    = {2015},
  pages   = {485-498},
  doi     = {10.1007/978-3-319-07488-7_33},
}

@Article{Linker2012,
  author  = {Linker, Raphael and Cohen, Oded and Naor, Amos},
  journal = {Computers and Electronics in Agriculture},
  title   = {{Determination of the number of green apples in RGB images recorded in orchards}},
  year    = {2012},
  month   = {02},
  pages   = {45-57},
  volume  = {81},
  doi     = {10.1016/j.compag.2011.11.007},
  urldate = {2021-08-30},
}

@Article{ZamoraIzquierdo2019,
  author   = {Miguel A. Zamora-Izquierdo and José Santa and Juan A. Martínez and Vicente Martínez and Antonio F. Skarmeta},
  journal  = {Biosystems Engineering},
  title    = {{Smart farming IoT platform based on edge and cloud computing}},
  year     = {2019},
  issn     = {1537-5110},
  note     = {Intelligent Systems for Environmental Applications},
  pages    = {4-17},
  volume   = {177},
  doi      = {https://doi.org/10.1016/j.biosystemseng.2018.10.014},
  keywords = {Precision Agriculture, IoT, Hydroponics, NGSI, Edge Computing, Smart Farming},
  url      = {https://www.sciencedirect.com/science/article/pii/S1537511018301211},
}

@Article{Li2021,
  author         = {Li, Tong and Sun, Xuguang and Shu, Xin and Wang, Chunkai and Wang, Yifan and Chen, Gang and Xue, Ning},
  journal        = {Machines},
  title          = {{Robot Grasping System and Grasp Stability Prediction Based on Flexible Tactile Sensor Array}},
  year           = {2021},
  issn           = {2075-1702},
  number         = {6},
  volume         = {9},
  article-number = {119},
  doi            = {10.3390/machines9060119},
  url            = {https://www.mdpi.com/2075-1702/9/6/119},
}

@Article{Debnath2022,
  author   = {Oliva Debnath and Himadri Nath Saha},
  journal  = {Microprocessors and Microsystems},
  title    = {{An IoT-based intelligent farming using CNN for early disease detection in rice paddy}},
  year     = {2022},
  issn     = {0141-9331},
  pages    = {104631},
  volume   = {94},
  doi      = {https://doi.org/10.1016/j.micpro.2022.104631},
  keywords = {Artificial intelligence, Deep learning, Deep neural networks, Convolutional neural networks, Big data, Early detection of disease, Smart farming, Internet of Things, Rice paddy},
  url      = {https://www.sciencedirect.com/science/article/pii/S0141933122001685},
}

@Book{Zhang2016,
  author    = {Zhang, Qin},
  publisher = {Taylor \& Francis},
  title     = {{Precision agriculture technology for crop farming}},
  year      = {2016},
}

@InCollection{Poynton2012,
  booktitle = {Digital Video and HD (Second Edition)},
  publisher = {Morgan Kaufmann},
  title     = {{31 - Video signal processing}},
  year      = {2012},
  address   = {Boston},
  edition   = {Second Edition},
  editor    = {Charles Poynton},
  isbn      = {978-0-12-391926-7},
  pages     = {377-388},
  series    = {The Morgan Kaufmann Series in Computer Graphics},
  doi       = {https://doi.org/10.1016/B978-0-12-391926-7.50031-X},
  url       = {https://www.sciencedirect.com/science/article/pii/B978012391926750031X},
}

@InCollection{Nixon2020,
  author    = {Mark S. Nixon and Alberto S. Aguado},
  booktitle = {Feature Extraction and Image Processing for Computer Vision (Fourth Edition)},
  publisher = {Academic Press},
  title     = {{3 - Image processing}},
  year      = {2020},
  edition   = {Fourth Edition},
  editor    = {Mark S. Nixon and Alberto S. Aguado},
  isbn      = {978-0-12-814976-8},
  pages     = {83-139},
  doi       = {https://doi.org/10.1016/B978-0-12-814976-8.00003-8},
  keywords  = {Anisotropic diffusion, Averaging, Bilateral filter, Brightness transformation, Dilation, Erosion, Filtering, Gaussian averaging, Group operations, Histograms, Histogram equalisation, Hit or miss transform, Intensity normalisation, Image description, Pixel operations, Statistical operators, Template, Template convolution, Thresholding, Minkowski operator, Morphological operations, Non-local means, Optimal thresholding},
  url       = {https://www.sciencedirect.com/science/article/pii/B9780128149768000038},
}

@Misc{OpenCV2022,
  author = {OpenCV},
  month  = dec,
  title  = {{Eroding and Dilating}},
  year   = {2022},
  url    = {https://docs.opencv.org/3.4/db/df6/tutorial_erosion_dilatation.html},
}

@Article{Liu2021,
  author    = {Qin Liu and Qing Yan and Jianying Tian and Kexin Yuan},
  journal   = {Journal of Physics: Conference Series},
  title     = {{Key Technologies and Applications In Intelligent Agriculture}},
  year      = {2021},
  month     = {jan},
  number    = {1},
  pages     = {012059},
  volume    = {1757},
  abstract  = {With the development of new generation information technology such as artificial intelligence, Internet of things and big data, traditional agriculture has changed and gradually changed to intelligent agriculture. In intelligent agriculture, sensor technology can collect all kinds of information in agricultural production, communication technology can transmit the collected information, and use big data analysis to guide agricultural production and agricultural product sales, The application of artificial intelligence makes agricultural production high-yield and high efficiency, and unmanned driving technology can realize automatic production and fine management. This paper elaborates the application of these key technologies in agriculture.},
  doi       = {10.1088/1742-6596/1757/1/012059},
  publisher = {IOP Publishing},
  url       = {https://dx.doi.org/10.1088/1742-6596/1757/1/012059},
}

@Article{Qilemuge2018,
  author       = {Qilemuge, Zhang and D, Bolormaa},
  journal      = {Mongolian Journal of Agricultural Sciences},
  title        = {Methodology on automatically counting apples by image processing method},
  year         = {2018},
  month        = {Dec.},
  number       = {03},
  pages        = {160–166},
  volume       = {25},
  abstractnote = {&amp;lt;p&amp;gt;With the rapid development of computer technology, modern agriculture gradually moving toward digital, precise and intelligent. Currently, artificial fruits recognition capabilities at home and abroad to identify the actual production cannot meet demand. Thus, people began to explore the principles and methods of using the computer automatically recognizes fruit, fruit recognition has also become a hot research. With traditional computer image recognition technology is the subject of various studies in recent years to a high heat of MATHLAB as a research platform for in globular fruit, put forward a grayscale image features as the starting point, using wavelet de-noising and median filtering combined approach of image preprocessing, in order to make the image Sobel operator edge detection, image-based morphological feature extraction and analysis, and ultimately with the watershed image segmentation methods to achieve target detection and counting. The subject MATHLAB platform leverages the advantages of image processing, optimized and the debugger, you can quickly and accurately analyze the results.&amp;lt;/p&amp;gt; &amp;lt;p&amp;gt;&amp;lt;strong&amp;gt;Дүрс боловсруулах аргаар алим автоматаар тоолох аргачлал&amp;lt;/strong&amp;gt;&amp;lt;/p&amp;gt; &amp;lt;p&amp;gt;&amp;lt;strong&amp;gt;Хураангуй:&amp;lt;/strong&amp;gt;&amp;amp;nbsp; Компьютерийн технологийн хурдацтай хөгжлийг дагалдан, орчин үеийн хөдөө аж ахуй өдрөөс өдөрт хөгжиж байна. Өнөө үед хөдөө аж ахуйн салбарт ажиллах хүчин дутмагаас шалтгаалан хүний хүчээр жимс таних тодорхойлоход хүндрэл учирч байгаагаас гадна үйлдвэрлэлийн бодит шаардлагыг хангаж чадахгүй байна. Тиймээс компьютер ашиглан жимсээ автоматаар таниулах аргачлалыг судлаж, оновчтой тогтоох нь судлаач болон үйлдвэрлэгчдийн анхаарал татсан чухал сэдэв болж байна. Энэхүү судалгаанд эрдэм шинжилгээний платформ болох MATHLAB-г ашиглаж байгаа нь уламжлалт компьютерийн дүр төрхийг таних технологийн судалгаанаас давуу талтай. Бөөрөнхий хэлбэртэй жимс жимсгэнэ дээр wavelet denoising болон median filtering-ийг хэрэглэн эхлэлийн цэг болгон ашиглахыг санал болгодог. Энэ хосолсон аргыг дүрслэн боловсруулахад Sobel операторыг ашиглах ба энэ нь дүрсийн ирмэг илрүүлэхэд ашиглагддаг. Watershed зургийн сегментийн арга нь морфологийн дүр төрхөнд суурилан олборлолт, анализ хийх замаар зорилтот түвшинг тодорхойлох, тоолоход ашиглана. Энэхүү судалгаанд дүрсийг өндөр нарийвчлалтай оновчтой боловсруулахдаа MATHLAB платформын давуу талыг бүрэн ашигласан болно.&amp;lt;/p&amp;gt; &amp;lt;p&amp;gt;&amp;lt;strong&amp;gt;Түлхүүр үг&amp;lt;/strong&amp;gt;: Дүрс боловсруулах, морфологийн үйл ажиллагаа, усны хагалбарын алгоритм, зураг сегментчилэх&amp;lt;/p&amp;gt;},
  doi          = {10.5564/mjas.v25i03.1186},
  url          = {https://mongoliajol.info/index.php/MJAS/article/view/1186},
}

@InProceedings{Guennouni2014,
  author    = {Guennouni, Souhail and Ahaitouf, Ali and Mansouri, Anass},
  booktitle = {2014 Third IEEE International Colloquium in Information Science and Technology (CIST)},
  title     = {{Multiple object detection using OpenCV on an embedded platform}},
  year      = {2014},
  pages     = {374-377},
  doi       = {10.1109/CIST.2014.7016649},
}

@Misc{Ge2021,
  author    = {Ge, Zheng and Liu, Songtao and Wang, Feng and Li, Zeming and Sun, Jian},
  title     = {{YOLOX: Exceeding YOLO Series in 2021}},
  year      = {2021},
  copyright = {arXiv.org perpetual, non-exclusive license},
  doi       = {10.48550/ARXIV.2107.08430},
  keywords  = {Computer Vision and Pattern Recognition (cs.CV), FOS: Computer and information sciences},
  publisher = {arXiv},
  url       = {https://arxiv.org/abs/2107.08430},
}

@Book{Gross2003,
  editor    = {Jonathan L. Gross and Jay Yellen},
  publisher = {CRC Press},
  title     = {{Handbook of Graph Theory}},
  year      = {2003},
  edition   = {1st},
  doi       = {https://doi.org/10.1201/9780203490204},
}

@Article{Elfwing2018,
  author   = {Stefan Elfwing and Eiji Uchibe and Kenji Doya},
  journal  = {Neural Networks},
  title    = {{Sigmoid-weighted linear units for neural network function approximation in reinforcement learning}},
  year     = {2018},
  issn     = {0893-6080},
  note     = {Special issue on deep reinforcement learning},
  pages    = {3-11},
  volume   = {107},
  doi      = {https://doi.org/10.1016/j.neunet.2017.12.012},
  keywords = {Reinforcement learning, Sigmoid-weighted linear unit, Function approximation, Tetris, Atari 2600, Deep learning},
  url      = {https://www.sciencedirect.com/science/article/pii/S0893608017302976},
}

@Misc{JetBrains2022,
  author = {JetBrains},
  month  = dec,
  title  = {{PyCharm Product Document}},
  year   = {2022},
  url    = {https://www.jetbrains.com/help/pycharm/python.html},
}

@Comment{jabref-meta: databaseType:bibtex;}
